<record><leader>00000cas a2200000 a 4500</leader><controlfield tag="001">46896186</controlfield><controlfield tag="008">010508c20009999fludr ne      0    0eng  </controlfield><datafield ind1=" " ind2=" " tag="010"><subfield code="a">sn2001058305</subfield></datafield><datafield ind1=" " ind2=" " tag="040"><subfield code="a">DLC</subfield><subfield code="b">eng</subfield><subfield code="c">DLC</subfield><subfield code="d">OCLCQ</subfield><subfield code="d">OCLCF</subfield><subfield code="d">OCLCO</subfield></datafield><datafield ind1=" " ind2=" " tag="022"><subfield code="a">0744-8139</subfield><subfield code="l">0744-8139</subfield></datafield><datafield ind1="1" ind2=" " tag="029"><subfield code="a">AU@</subfield><subfield code="b">000022694072</subfield></datafield><datafield ind1="1" ind2=" " tag="029"><subfield code="a">NZ1</subfield><subfield code="b">16076485</subfield></datafield><datafield ind1=" " ind2=" " tag="032"><subfield code="a">526520</subfield><subfield code="b">USPS</subfield></datafield><datafield ind1=" " ind2=" " tag="037"><subfield code="b">Sun-Sentinel, 200 E. Las Olas Blvd., Fort Lauderdale, FL, 33301-2293</subfield></datafield><datafield ind1=" " ind2=" " tag="042"><subfield code="a">pcc</subfield></datafield><datafield ind1=" " ind2=" " tag="043"><subfield code="a">n-us-fl</subfield></datafield><datafield ind1="0" ind2="0" tag="050"><subfield code="a">Newspaper</subfield></datafield><datafield ind1="0" ind2="0" tag="245"><subfield code="a">South Florida sun-sentinel.</subfield></datafield><datafield ind1="3" ind2=" " tag="246"><subfield code="a">South Florida sun sentinel</subfield></datafield><datafield ind1="3" ind2="0" tag="246"><subfield code="a">Sun-sentinel</subfield></datafield><datafield ind1="3" ind2=" " tag="246"><subfield code="a">Sun sentinel</subfield></datafield><datafield ind1="1" ind2="7" tag="246"><subfield code="a">Sun-sentinel, South Florida</subfield></datafield><datafield ind1=" " ind2=" " tag="250"><subfield code="a">Broward metro ed.</subfield></datafield><datafield ind1=" " ind2=" " tag="260"><subfield code="a">Fort Lauderdale, Fla. :</subfield><subfield code="b">Sun-Sentinel Co.,</subfield><subfield code="c">2000-</subfield></datafield><datafield ind1=" " ind2=" " tag="300"><subfield code="a">v.</subfield></datafield><datafield ind1=" " ind2=" " tag="310"><subfield code="a">Daily</subfield></datafield><datafield ind1="0" ind2=" " tag="362"><subfield code="a">Vol. 41, no. 169 (Oct. 11, 2000)-</subfield></datafield><datafield ind1=" " ind2=" " tag="530"><subfield code="a">Also available on microfilm from Bell &amp; Howell Information and Learning.</subfield></datafield><datafield ind1=" " ind2=" " tag="530"><subfield code="a">Also available via the Internet. Address as of Apr. 26, 2001: http://www.sun-sentinel.com.</subfield></datafield><datafield ind1=" " ind2="0" tag="651"><subfield code="a">Fort Lauderdale (Fla.)</subfield><subfield code="v">Newspapers.</subfield></datafield><datafield ind1=" " ind2="0" tag="651"><subfield code="a">Broward County (Fla.)</subfield><subfield code="v">Newspapers.</subfield></datafield><datafield ind1=" " ind2="7" tag="655"><subfield code="a">Newspapers.</subfield><subfield code="2">fast</subfield><subfield code="0">(OCoLC)fst01423814</subfield></datafield><datafield ind1=" " ind2="7" tag="651"><subfield code="a">Florida</subfield><subfield code="z">Broward County.</subfield><subfield code="2">fast</subfield><subfield code="0">(OCoLC)fst01202766</subfield></datafield><datafield ind1=" " ind2="7" tag="651"><subfield code="a">Florida</subfield><subfield code="z">Fort Lauderdale.</subfield><subfield code="2">fast</subfield><subfield code="0">(OCoLC)fst01206921</subfield></datafield><datafield ind1=" " ind2=" " tag="752"><subfield code="a">United States</subfield><subfield code="b">Florida</subfield><subfield code="c">Broward</subfield><subfield code="d">Fort Lauderdale.</subfield></datafield><datafield ind1="0" ind2="0" tag="780"><subfield code="t">Sun-sentinel</subfield><subfield code="w">(DLC)sn 82005117</subfield><subfield code="w">(OCoLC)8582345</subfield></datafield><datafield ind1="4" ind2="1" tag="856"><subfield code="u">http://www.sun-sentinel.com</subfield></datafield><datafield ind1=" " ind2=" " tag="936"><subfield code="a">Vol. 42, no. 1 (Apr. 26, 2001) LIC</subfield></datafield></record>